@MISC{Perepelitsa,
    author = {Dennis V. Perepelitsa},
    title = {Path Integrals in Quantum Mechanics},
}

@article{Smilga17,
   title={Classical and quantum dynamics of higher-derivative systems},
   volume={32},
   ISSN={1793-656X},
   url={http://dx.doi.org/10.1142/S0217751X17300253},
   DOI={10.1142/s0217751x17300253},
   number={33},
   journal={International Journal of Modern Physics A},
   publisher={World Scientific Pub Co Pte Lt},
   author={Smilga, Andrei},
   year={2017},
   month={Nov},
   pages={1730025}
}

@article{Chen13,
   title={Higher derivative theories with constraints: exorcising Ostrogradski’s ghost},
   volume={2013},
   ISSN={1475-7516},
   url={http://dx.doi.org/10.1088/1475-7516/2013/02/042},
   DOI={10.1088/1475-7516/2013/02/042},
   number={02},
   journal={Journal of Cosmology and Astroparticle Physics},
   publisher={IOP Publishing},
   author={Chen, Tai-jun and Fasiello, Matteo and Lim, Eugene A and Tolley, Andrew J},
   year={2013},
   month={Feb},
   pages={042–042}
}

